%%riscv SPEC
@misc{riscv,
  author =       {Andrew Waterman and Yunsup Lee and David A. Patterson and Krste Asanovi\'{c}},
  title =        {The {RISC-V} Instruction Set Manual, {Volume I}: {Base}
                  User-Level {ISA} Version 2.0},
  institution =  {RISC-V Foundation},
  year =         2019,
  month =     {December}
  }
  
  @misc{riscvpriv,
  author =       {Andrew Waterman and Krste Asanovi and John Hauser\'{c}},
  title =        {The {RISC-V} Instruction Set Manual, {Volume II}: Privileged Architecture},
  institution =  {RISC-V Foundation},
  year =         2019,
  month =     {December}
  }

%%Computer Organization and Design RISC-V Edition: The Hardware Software Interface
@book{10.5555/3153875,
author = {Patterson, David A. and Hennessy, John L.},
title = {Computer Organization and Design RISC-V Edition: The Hardware Software Interface},
year = {2017},
isbn = {0128122757},
publisher = {Morgan Kaufmann Publishers Inc.},
address = {San Francisco, CA, USA},
edition = {1st}
}

%%Computer Architecture: A Quantitative Approach
@book{hennessy2011computer,
  title={Computer Architecture: A Quantitative Approach},
  author={Hennessy, J.L. and Patterson, D.A.},
  isbn={9780123838735},
  lccn={2011038128},
  series={ISSN},
  url={https://books.google.com.br/books?id=gQ-fSqbLfFoC},
  year={2011},
  publisher={Elsevier Science}
}

%%Digital Design and Computer Architecture
@book{10.5555/2381028,
author = {Harris, David and Harris, Sarah},
title = {Digital Design and Computer Architecture, Second Edition},
year = {2012},
isbn = {0123944244},
publisher = {Morgan Kaufmann Publishers Inc.},
address = {San Francisco, CA, USA},
edition = {2nd}
}

%%BYOC
@inproceedings{21de34cd0dd64073b31ada366dd27796,
title = "BYOC: A {"}bring your own core{"} framework for heterogeneous-ISA research",
keywords = "Architecture, Heterogeneous-ISA, Manycore, Open source, RISC-V, Research platform, SPARC, X86",
author = "Jonathan Balkind and Katie Lim and Michael Schaffner and Fei Gao and Grigory Chirkov and Ang Li and Alexey Lavrov and Nguyen, {Tri M.} and Yaosheng Fu and Florian Zaruba and Kunal Gulati and Luca Benini and David Wentzlaff",
year = "2020",
month = mar,
day = "9",
doi = "10.1145/3373376.3378479",
language = "English (US)",
series = "International Conference on Architectural Support for Programming Languages and Operating Systems - ASPLOS",
publisher = "Association for Computing Machinery",
pages = "699--714",
booktitle = "ASPLOS 2020 - 25th International Conference on Architectural Support for Programming Languages and Operating Systems",
}

%%OpenPiton
@inproceedings{Balkind:2016:OOS:2872362.2872414,
 author = {Balkind, Jonathan and McKeown, Michael and Fu, Yaosheng and Nguyen, Tri and Zhou, Yanqi and Lavrov, Alexey and Shahrad, Mohammad and Fuchs, Adi and Payne, Samuel and Liang, Xiaohua and Matl, Matthew and Wentzlaff, David},
 title = {OpenPiton: An Open Source Manycore Research Framework},
 booktitle = {Proceedings of the Twenty-First International Conference on Architectural Support for Programming Languages and Operating Systems},
 series = {ASPLOS '16},
 year = {2016},
 isbn = {978-1-4503-4091-5},
 location = {Atlanta, Georgia, USA},
 pages = {217--232},
 numpages = {16},
 url = {http://doi.acm.org/10.1145/2872362.2872414},
 doi = {10.1145/2872362.2872414},
 acmid = {2872414},
 publisher = {ACM},
 address = {New York, NY, USA},
 keywords = {manycore, multicore, open-source},
}

%%Understanding Cryptography
@book{10.5555/1721909,
author = {Paar, Christof and Pelzl, Jan},
title = {Understanding Cryptography: A Textbook for Students and Practitioners},
year = {2009},
isbn = {3642041000},
publisher = {Springer Publishing Company, Incorporated},
edition = {1st}
}

%%The Design of Rijndael
@book{daemen02,
  added-at = {2008-12-09T15:51:39.000+0100},
  asin = {3540425802},
  author = {Daemen, Joan and Rijmen, Vincent},
  biburl = {https://www.bibsonomy.org/bibtex/2716b7b3def9fb67898e7c80a4f3bf834/igorp},
  description = {Amazon.com: The Design of Rijndael: AES - The Advanced Encryption Standard (Information Security and Cryptography): Joan Daemen, Vincent Rijmen: Books},
  dewey = {005.8},
  ean = {9783540425809},
  edition = 1,
  interhash = {34c298af9a9b61c11d64e726e6d6777f},
  intrahash = {716b7b3def9fb67898e7c80a4f3bf834},
  isbn = {3540425802},
  keywords = {aes cryptography rijndael},
  publisher = {Springer},
  timestamp = {2008-12-09T15:51:39.000+0100},
  title = {The Design of Rijndael: AES - The Advanced Encryption Standard (Information Security and Cryptography)},
  year = 2002
}

%%AES Standard
@misc{fips197,
  author = {Morris Dworkin and Elaine Barker and James Nechvatal and James Foti and Lawrence Bassham and E. Roback and James Dray},
  title = {Advanced Encryption Standard (AES)},
  year = {2001},
  month = {2001-11-26},
  publisher = {Federal Inf. Process. Stds. (NIST FIPS), National Institute of Standards and Technology, Gaithersburg, MD},
  doi = {https://doi.org/10.6028/NIST.FIPS.197},
  language = {en},
}

%%UVM Primer
@book{salemi2013uvm,
  title={The UVM Primer: A Step-By-Step Introduction to the Universal Verification Methodology},
  author={Salemi, R.},
  isbn={9780974164939},
  url={https://sites.google.com/view/uvmprimer-com/home},
  year={2013},
  publisher={Boston Light Press}
}

%%Systemverilog for verification
@book{Spear,
author = {Spear, Chris and Tumbush, Greg},
title = {SystemVerilog for Verification: A Guide to Learning the Testbench Language Features},
year = {2012},
isbn = {1461407141},
publisher = {Springer Publishing Company, Incorporated},
edition = {3rd}}

@article{StepCompare,
author = {Lee Moore, Simon Davidmann, Larry Lapides and Kevin McDermott},
title = {The Six Steps Of RISC-V Processor Verification Including Vector Extensions’
coefficients of friction},
journal = {Verification Horizons},
volume = {17},
year = {March 2021},
pages = {45--50}
}

@article{StepCompare2,
author = {Marcela Zachariášová and Luboš Moravec and  John Stickley and Shakeel Jeeawoody},
title = {UVM-based Verification of a RISC-V Processor Core Using a Golden Predictor Model and a Configuration Layer},
journal = {Verification Horizons},
volume = {14},
year = {June 2018},
pages = {53--60}
}

@book{accelera,
author = {Accellera},
title = {Universal Verification Methodology(UVM) 1.2 User’s Guide},
publisher = {Accellera},
year = {2015}
}

